@article{Ballam:1971yd,
    author = "Ballam, Joseph and others",
    doi = "10.1103/PhysRevD.5.545",
    journal = "Phys. Rev. D",
    pages = "545",
    reportNumber = "SLAC-PUB-0941",
    title = "{Bubble Chamber Study of Photoproduction by 2.8-GeV and 4.7-GeV Polarized Photons. 1. Cross-Section Determinations and Production of rho0 and Delta++ in the Reaction gamma p --> p pi+ pi-}",
    volume = "5",
    year = "1972"
}

@article{Alexander:1974zc,
    author = "Alexander, G. and Gandsman, J. and Jacobs, L.D. and Levy, A. and Lissauer, D. and Rosenstein, L.M.",
    doi = "10.1016/0550-3213(74)90402-7",
    journal = "Nucl. Phys. B",
    pages = "1--11",
    title = "{Total and Partial gamma d, gamma n and gamma p Cross-Sections at 7.5-GeV}",
    volume = "68",
    year = "1974"
}

@article{Michalowski:1977eg,
    author = "Michalowski, S. and Andrews, D. and Eickmeyer, J. and Gentile, T. and Mistry, Nari B. and Talman, R. and Ueno, K.",
    doi = "10.1103/PhysRevLett.39.737",
    journal = "Phys. Rev. Lett.",
    pages = "737--740",
    title = "{Experimental Study of Nuclear Shadowing in Photoproduction}",
    volume = "39",
    year = "1977"
}

@article{Caldwell:1973bu,
    author = "Caldwell, David O. and Elings, V.B. and Hesse, W.P. and Morrison, R.J. and Murphy, Fred V. and Yount, D.E.",
    doi = "10.1103/PhysRevD.7.1362",
    journal = "Phys. Rev. D",
    pages = "1362",
    title = "{Total Hadronic Photoabsorption Cross-Sections on Hydrogen and Complex Nuclei from 4-GeV to 18-GeV}",
    volume = "7",
    year = "1973"
}

@article{Aid:1995bz,
    author = "Aid, S. and others",
    archivePrefix = "arXiv",
    collaboration = "H1",
    doi = "10.1007/s002880050003",
    eprint = "hep-ex/9509001",
    journal = "Z. Phys. C",
    pages = "27--38",
    reportNumber = "DESY-95-162",
    title = "{Measurement of the total photon-proton cross-section and its decomposition at 200-GeV center-of-mass energy}",
    volume = "69",
    year = "1995"
}

@article{Caldwell:1978yb,
    author = "Caldwell, David O. and others",
    doi = "10.1103/PhysRevLett.40.1222",
    journal = "Phys. Rev. Lett.",
    pages = "1222",
    reportNumber = "Print-78-1063 (UC,SANTA BARBARA)",
    title = "{Measurements of the Photon Total Cross-Section on Protons from 18-GeV to 185-GeV}",
    volume = "40",
    year = "1978"
}

@article{Chekanov:2001gw,
    author = "Chekanov, S. and others",
    archivePrefix = "arXiv",
    collaboration = "ZEUS",
    doi = "10.1016/S0550-3213(02)00068-8",
    eprint = "hep-ex/0202034",
    journal = "Nucl. Phys. B",
    pages = "3--28",
    reportNumber = "DESY-01-216",
    title = "{Measurement of the photon proton total cross-section at a center-of-mass energy of 209-GeV at HERA}",
    volume = "627",
    year = "2002"
}
